@Book{Mond2020,
  author    = {Mond, David and Nu{\~{n}}o-Ballesteros, J. J.},
  publisher = {Springer, Cham},
  title     = {Singularities of mappings},
  year      = {2020},
  series    = {Grundlehren der mathematischen Wissenschaften},
  volume    = {357},
}

@Book{HB3,
  editor    = {Cisneros Molina, Jos\'{e} Luis and L\^{e} D{\~u}ng Tr\'{a}ng and Seade, Jos\'{e}},
  publisher = {Springer Cham},
  title     = {Handbook of geometry and topology of singularities {III}},
  year      = {2022},
  isbn      = {978-3-030-95760-5; 978-3-030-95759-9},
  doi       = {10.1007/978-3-030-95760-5},
  pages     = {802},
}

@Article{Goryunov1993,
  author   = {Goryunov, Victor and Mond, David},
  title    = {Vanishing cohomology of singularities of mappings},
  journal  = {Compositio Mathematica},
  year     = {1993},
  volume   = {89},
  number   = {1},
  pages    = {45--80},
  issn     = {0010-437X},
  keywords = {32S30 (35S35)},
  mrnumber = {1248891},
}

@Article{Marar1989,
  author   = {Marar, Washington Luiz and Mond, David},
  title    = {Multiple point schemes for corank {$1$} maps},
  journal  = {Journal of the London Mathematical Society. Second Series},
  year     = {1989},
  volume   = {39},
  number   = {3},
  pages    = {553--567},
  issn     = {0024-6107},
  doi      = {10.1112/jlms/s2-39.3.553},
  keywords = {58C27 (14N10)},
  mrnumber = {1002466},
}

@InCollection{Houston2007,
  author    = {Houston, Kevin},
  title     = {A general image computing spectral sequence},
  booktitle = {Singularity theory},
  publisher = {World Sci. Publ., Hackensack, NJ},
  year      = {2007},
  pages     = {651--675},
  doi       = {10.1142/9789812707499_0027},
  keywords  = {55T05},
  mrnumber  = {2342933},
}

@Article{CisnerosMolina2022,
  author   = {Cisneros-Molina, Jos\'{e} Luis and Mond, David},
  journal  = {Journal of Singularities},
  title    = {Multiple points of a simplicial map and image-computing spectral sequences},
  year     = {2022},
  pages    = {190--212},
  volume   = {24},
  keywords = {55T99 (32B25)},
  mrnumber = {4509804},
}

@PhdThesis{Robertothesis,
  author = {Gim{\'e}nez Conejero, R.},
  school = {Universitat de Val{\`e}ncia},
  title  = {Singularities of germs and vanishing homology},
  year   = {2021},
}

@Article{GimenezConejero2022c,
  author        = {Gim{\'e}nez Conejero, R.},
  journal       = {arXiv:2207.05196},
  title         = {Isotypes of {ICIS} and images of deformations of map germs},
  year          = {2022},
  month         = jul,
  archiveprefix = {arXiv},
  copyright     = {Creative Commons Attribution Non Commercial No Derivatives 4.0 International},
  doi           = {10.48550/ARXIV.2207.05196},
  eprint        = {2207.05196},
  file          = {:Conejero2022 - Isotypes of ICIS and Images of Deformations of Map Germs.pdf:PDF},
  keywords      = {Algebraic Geometry (math.AG), FOS: Mathematics, 58K15 (Primary) 32S30, 58K40 (Secondary)},
  primaryclass  = {math.AG},
  publisher     = {arXiv},
}